@Misc{Bosch:BNO055,
  author =       {Robert Bosch GmbH},
  title =        {BNO055 Datenblatt},
  year =         2016,
  note =         {Retrieved 20. Januar, 2018 from
                  \url{https://www.bosch-sensortec.com/bst/products/all_products/bno055}},
}
